<record><leader>00000cas a22000007a 4500</leader><controlfield tag="001">18542037</controlfield><controlfield tag="008">880929d19341938nyuwr ne      0    0eng d</controlfield><datafield ind1=" " ind2=" " tag="010"><subfield code="a">sn 88073056 </subfield></datafield><datafield ind1=" " ind2=" " tag="040"><subfield code="a">YOX</subfield><subfield code="b">eng</subfield><subfield code="c">YOX</subfield><subfield code="d">OCLCQ</subfield></datafield><datafield ind1=" " ind2=" " tag="042"><subfield code="a">msc</subfield></datafield><datafield ind1="0" ind2="4" tag="245"><subfield code="a">The Yorkville advance.</subfield></datafield><datafield ind1=" " ind2=" " tag="260"><subfield code="a">Yorkville, New York City :</subfield><subfield code="b">Lenox Hill Press</subfield></datafield><datafield ind1=" " ind2=" " tag="300"><subfield code="a">v.</subfield></datafield><datafield ind1=" " ind2=" " tag="310"><subfield code="a">Weekly,</subfield><subfield code="b">Oct. 1934-Jan. 1938</subfield></datafield><datafield ind1=" " ind2=" " tag="321"><subfield code="a">Monthly,</subfield><subfield code="b">Jan.-Sept. 1934</subfield></datafield><datafield ind1="0" ind2=" " tag="362"><subfield code="a">Vol. 1, no. 2 (Feb. 1934)-v.5, no. 3 (Jan. 20, 1938).</subfield></datafield><datafield ind1=" " ind2=" " tag="500"><subfield code="a">Preceded by a preview issue numbered v. 1, no. 1, dated Jan. 1934, but carrying no title. Title appears on next issue after a contest to name the newspaper.</subfield></datafield><datafield ind1=" " ind2=" " tag="515"><subfield code="a">Suspended with July 17, 1936 issue; resumed with Sept. 4, 1936 issue.</subfield></datafield><datafield ind1=" " ind2=" " tag="530"><subfield code="a">Also issued on microfilm from the New York Public Library.</subfield></datafield><datafield ind1=" " ind2=" " tag="752"><subfield code="a">United States</subfield><subfield code="b">New York</subfield><subfield code="c">New York</subfield><subfield code="d">New York.</subfield></datafield><datafield ind1="0" ind2="0" tag="785"><subfield code="t">New York advance</subfield><subfield code="w">(DLC)sn 88073057</subfield></datafield></record>